@article{Sun2019KnowledgeGA,
  title={Knowledge Graph Alignment Network with Gated Multi-hop Neighborhood Aggregation},
  author={Zequn Sun and Chengming Wang and Wei Hu and Muhao Chen and Jian S. Dai and Wei Zhang and Yuzhong Qu},
  journal={ArXiv},
  year={2019},
  volume={abs/1911.08936}
}

@article{Malaviya2019ExploitingSA,
	title={Exploiting Structural and Semantic Context for Commonsense Knowledge Base Completion},
	author={Chaitanya Malaviya and Chandra Bhagavatula and Antoine Bosselut and Yejin Choi},
	journal={ArXiv},
	year={2019},
	volume={abs/1910.02915}
}

@inproceedings{Ye2019AVR,
  title={A Vectorized Relational Graph Convolutional Network for Multi-Relational Network Alignment},
  author={Rui Ye and Xin Li and Yujie Fang and Hongyu Zang and Mingzhong Wang},
  booktitle={IJCAI},
  year={2019}
}

@inproceedings{Hu2019MultiKEAM,
  title={MultiKE: a Multi-view Knowledge Graph Embedding Framework for Entity Alignment},
  author={Wei Hu and Qingheng Zhang and Zequn Sun and JiaCheng Huang},
  booktitle={OM@ISWC},
  year={2019}
}

@inproceedings{Zhu2019NeighborhoodAwareAR,
  title={ \href{https://www.ijcai.org/Proceedings/2019/0269.pdf}{Neighborhood-Aware Attentional Representation for Multilingual Knowledge Graphs}},
  author={Qiannan Zhu and Xiaofei Zhou and Jia Wu and Jianlong Tan and Li Guo},
  booktitle={IJCAI},
  year={2019},
}


@inproceedings{cao-etal-2019-multi,
    title = "Multi-Channel Graph Neural Network for Entity Alignment",
    author = "Cao, Yixin  and
      Liu, Zhiyuan  and
      Li, Chengjiang  and
      Liu, Zhiyuan  and
      Li, Juanzi  and
      Chua, Tat-Seng",
    booktitle = "Proceedings of the 57th Annual Meeting of the Association for Computational Linguistics",
    month = jul,
    year = "2019",
    address = "Florence, Italy",
    publisher = "Association for Computational Linguistics",
    url = "https://www.aclweb.org/anthology/P19-1140",
    doi = "10.18653/v1/P19-1140",
    pages = "1452--1461"
    }
    
    
@inproceedings{xu-etal-2019-cross-lingual,
    title={Cross-lingual Knowledge Graph Alignment via Graph Matching Neural Network},
    author = "Xu, Kun  and
      Wang, Liwei  and
      Yu, Mo  and
      Feng, Yansong  and
      Song, Yan  and
      Wang, Zhiguo  and
      Yu, Dong",
    booktitle = "Proceedings of the 57th Annual Meeting of the Association for Computational Linguistics",
    month = jul,
    year = "2019",
    address = "Florence, Italy",
    publisher = "Association for Computational Linguistics",
    url = "https://www.aclweb.org/anthology/P19-1304",
    doi = "10.18653/v1/P19-1304",
    pages = "3156--3161"
    }
    
@inproceedings{sun-etal-2018-BootEa,
  title     = {Bootstrapping Entity Alignment with Knowledge Graph Embedding},
  author    = {Zequn Sun and Wei Hu and Qingheng Zhang and Yuzhong Qu},
  booktitle = {Proceedings of the Twenty-Seventh International Joint Conference on
               Artificial Intelligence, {IJCAI-18}},
  publisher = {International Joint Conferences on Artificial Intelligence Organization},             
  pages     = {4396--4402},
  year      = {2018},
  month     = {7},
  doi       = {10.24963/ijcai.2018/611},
  url       = {https://doi.org/10.24963/ijcai.2018/611},
}


@InProceedings{max-etal-2020-GCNLessions,
author="Berrendorf, Max
and Faerman, Evgeniy
and Melnychuk, Valentyn
and Tresp, Volker
and Seidl, Thomas",
editor="Jose, Joemon M.
and Yilmaz, Emine
and Magalh{\~a}es, Jo{\~a}o
and Castells, Pablo
and Ferro, Nicola
and Silva, M{\'a}rio J.
and Martins, Fl{\'a}vio",
title="Knowledge Graph Entity Alignment with Graph Convolutional Networks: Lessons Learned",
booktitle="Advances in Information Retrieval",
year="2020",
publisher="Springer International Publishing",
address="Cham",
pages="3--11"
}

@inproceedings{Li2019GraphMN,
  title={Graph Matching Networks for Learning the Similarity of Graph Structured Objects},
  author={Yujia Li and Chenjie Gu and Thomas Dullien and Oriol Vinyals and Pushmeet Kohli},
  booktitle={ICML},
  year={2019}
}

@inproceedings{Zhu2017IterativeEA,
  title={Iterative Entity Alignment via Joint Knowledge Embeddings},
  author={Hao Zhu and Ruobing Xie and Zhiyuan Liu and Maosong Sun},
  booktitle={IJCAI},
  year={2017}
}

@article{Sun2020ABS,
  title={A Benchmarking Study of Embedding-based Entity Alignment for Knowledge Graphs},
  author={Zequn Sun and Qingheng Zhang and Wei Hu and Cheng-Ming Wang and Muhao Chen and Farahnaz Akrami and Chengkai Li},
  journal={ArXiv},
  year={2020},
  volume={abs/2003.07743},
  url="https://arxiv.org/pdf/2003.07743.pdf"
}

@inproceedings{wang-etal-2018-cross,
    title = "Cross-lingual Knowledge Graph Alignment via Graph Convolutional Networks",
    author = "Wang, Zhichun  and
      Lv, Qingsong  and
      Lan, Xiaohan  and
      Zhang, Yu",
    booktitle = "Proceedings of the 2018 Conference on Empirical Methods in Natural Language Processing",
    month = oct # "-" # nov,
    year = "2018",
    address = "Brussels, Belgium",
    publisher = "Association for Computational Linguistics",
    url = "https://www.aclweb.org/anthology/D18-1032",
    doi = "10.18653/v1/D18-1032",
    pages = "349--357"
}

@inproceedings{Chen2018CotrainingEO,
  title={Co-training Embeddings of Knowledge Graphs and Entity Descriptions for Cross-lingual Entity Alignment},
  author={Muhao Chen and Yingtao Tian and Kai-Wei Chang and Steven Skiena and Carlo Zaniolo},
  booktitle={IJCAI},
  year={2018}
}
@inproceedings{li-etal-2016-commonsense,
    title = "Commonsense Knowledge Base Completion",
    author = "Li, Xiang  and
      Taheri, Aynaz  and
      Tu, Lifu  and
      Gimpel, Kevin",
    booktitle = "Proceedings of the 54th Annual Meeting of the Association for Computational Linguistics (Volume 1: Long Papers)",
    month = aug,
    year = "2016",
    address = "Berlin, Germany",
    publisher = "Association for Computational Linguistics",
    url = "https://www.aclweb.org/anthology/P16-1137",
    doi = "10.18653/v1/P16-1137",
    pages = "1445--1455",
}

@inproceedings{Saito2018CommonsenseKB,
  title={Commonsense Knowledge Base Completion and Generation},
  author={Itsumi Saito and Kyosuke Nishida and Hisako Asano and Junji Tomita},
  booktitle={CoNLL},
  year={2018}
}
	title={Exploiting Structural and Semantic Context for Commonsense Knowledge Base Completion},
	author={Chaitanya Malaviya and Chandra Bhagavatula and Antoine Bosselut and Yejin Choi},
	journal={ArXiv},
	year={2019},
	volume={abs/1910.02915}
}

@incollection{Bordes2013TransENIPS,
title = {Translating Embeddings for Modeling Multi-relational Data},
author = {Bordes, Antoine and Usunier, Nicolas and Garcia-Duran, Alberto and Weston, Jason and Yakhnenko, Oksana},
booktitle = {Advances in Neural Information Processing Systems 26},
editor = {C. J. C. Burges and L. Bottou and M. Welling and Z. Ghahramani and K. Q. Weinberger},
pages = {2787--2795},
year = {2013},
publisher = {Curran Associates, Inc.},
url = {http://papers.nips.cc/paper/5071-translating-embeddings-for-modeling-multi-relational-data.pdf}
}
@inproceedings{Dettmers2018conve,
	Author = {Dettmers, Tim and Pasquale, Minervini and Pontus, Stenetorp and Riedel, Sebastian},
	Booktitle = {Proceedings of the 32th AAAI Conference on Artificial Intelligence},
	Title = {Convolutional 2D Knowledge Graph Embeddings},
	Url = {https://arxiv.org/abs/1707.01476},
	Year = {2018},
        pages  = {1811--1818},
  	Month = {February}
}


